@article{
    Caffarelli1988,
    author = "Luis A. Caffarelli",
    title = "Regularity of Solutions and Level Surfaces of Elliptic Equations",
    journal = "Proceedings of the AMS Centennial Symposium",
    year = "1988"}
